@article{aquilino2012seaweed,
	title        = {Seaweed richness and herbivory increase rate of community recovery from disturbance},
	author       = {Aquilino, Kristin M and Stachowicz, John J},
	year         = 2012,
	journal      = {Ecology},
	publisher    = {Wiley Online Library},
	volume       = 93,
	number       = 4,
	pages        = {879--890}
}
@article{barclay2019variation,
	title        = {Variation in the effects of ocean acidification on shell growth and strength in two intertidal gastropods},
	author       = {Barclay, Kristina M and Gaylord, Brian and Jellison, Brittany M and Shukla, Priya and Sanford, Eric and Leighton, Lindsey R},
	year         = 2019,
	journal      = {Marine Ecology Progress Series},
	volume       = 626,
	pages        = {109--121}
}
@article{barclay2020role,
	title        = {The role of gastropod shell composition and microstructure in resisting dissolution caused by ocean acidification},
	author       = {Barclay, Kristina M and Gingras, Murray K and Packer, Stephen T and Leighton, Lindsey R},
	year         = 2020,
	journal      = {Marine Environmental Research},
	publisher    = {Elsevier},
	volume       = 162,
	pages        = 105105
}
@article{bay2017genomic,
	title        = {Genomic models predict successful coral adaptation if future ocean warming rates are reduced},
	author       = {Bay, Rachael A and Rose, Noah H and Logan, Cheryl A and Palumbi, Stephen R},
	year         = 2017,
	journal      = {Science Advances},
	publisher    = {American Association for the Advancement of Science},
	volume       = 3,
	number       = 11,
	pages        = {e1701413}
}
@article{becker2020nutrient,
	title        = {Nutrient and sediment loading affect multiple facets of functionality in a tropical branching coral},
	author       = {Becker, Danielle M and Silbiger, Nyssa J},
	year         = 2020,
	journal      = {Journal of Experimental Biology},
	publisher    = {The Company of Biologists Ltd},
	volume       = 223,
	number       = 21,
	pages        = {jeb225045}
}
@article{blanchette2007spatial,
	title        = {Spatial patterns of growth in the mussel, Mytilus californianus, across a major oceanographic and biogeographic boundary at Point Conception, California, USA},
	author       = {Blanchette, Carol A and Helmuth, Brian and Gaines, Steven D},
	year         = 2007,
	journal      = {Journal of Experimental Marine Biology and Ecology},
	publisher    = {Elsevier},
	volume       = 340,
	number       = 2,
	pages        = {126--148}
}
@article{boyd2012understanding,
	title        = {Understanding the responses of ocean biota to a complex matrix of cumulative anthropogenic change},
	author       = {Boyd, Philip W and Hutchins, David A},
	year         = 2012,
	journal      = {Marine Ecology Progress Series},
	volume       = 470,
	pages        = {125--135}
}
@article{bozinovic2015physiological,
	title        = {Physiological ecology meets climate change},
	author       = {Bozinovic, Francisco and P{\"o}rtner, Hans-Otto},
	year         = 2015,
	journal      = {Ecology and evolution},
	publisher    = {Wiley Online Library},
	volume       = 5,
	number       = 5,
	pages        = {1025--1030}
}
@article{brown2004metabolic,
	title        = {Toward a metabolic theory of ecology},
	author       = {Brown, James H and Gillooly, James F and Allen, Andrew P and Savage, Van M and West, Geoffrey B},
	year         = 2004,
	journal      = {Ecology},
	publisher    = {Wiley Online Library},
	volume       = 85,
	number       = 7,
	pages        = {1771--1789}
}
@article{cote2016interactions,
	title        = {Interactions among ecosystem stressors and their importance in conservation},
	author       = {C{\^o}t{\'e}, Isabelle M and Darling, Emily S and Brown, Christopher J},
	year         = 2016,
	journal      = {Proceedings of the Royal Society B: Biological Sciences},
	publisher    = {The Royal Society},
	volume       = 283,
	number       = 1824,
	pages        = 20152592
}
@article{caldeira2003anthropogenic,
	title        = {Anthropogenic carbon and ocean pH},
	author       = {Caldeira, Ken and Wickett, Michael E},
	year         = 2003,
	journal      = {Nature},
	publisher    = {Nature Publishing Group UK London},
	volume       = 425,
	number       = 6956,
	pages        = {365--365}
}
@article{carey2016sea,
	title        = {Sea urchins in a high-CO2 world: partitioned effects of body size, ocean warming and acidification on metabolic rate},
	author       = {Carey, Nicholas and Harianto, Januar and Byrne, Maria},
	year         = 2016,
	journal      = {Journal of Experimental Biology},
	publisher    = {The Company of Biologists Ltd},
	volume       = 219,
	number       = 8,
	pages        = {1178--1186}
}
@book{carlton2023light,
	title        = {The Light and Smith manual: intertidal invertebrates from central California to Oregon},
	author       = {Carlton, James T},
	year         = 2023,
	publisher    = {Univ of California Press}
}
@article{change2014mitigation,
	title        = {Mitigation of climate change},
	author       = {Change, IPCC Climate and others},
	year         = 2014,
	journal      = {Contribution of working group III to the fifth assessment report of the intergovernmental panel on climate change},
	volume       = 1454,
	pages        = 147
}
@article{connell1961influence,
	title        = {The influence of interspecific competition and other factors on the distribution of the barnacle Chthamalus stellatus},
	author       = {Connell, Joseph H},
	year         = 1961,
	journal      = {Ecology},
	publisher    = {JSTOR},
	pages        = {710--723}
}
@article{connell1977mechanisms,
	title        = {Mechanisms of succession in natural communities and their role in community stability and organization},
	author       = {Connell, Joseph H and Slatyer, Ralph O},
	year         = 1977,
	journal      = {The american naturalist},
	publisher    = {University of Chicago Press},
	volume       = 111,
	number       = 982,
	pages        = {1119--1144}
}
@article{connolly1998latitudinal,
	title        = {A latitudinal gradient in northeast Pacific intertidal community structure: evidence for an oceanographically based synthesis of marine community theory},
	author       = {Connolly, Sean R and Roughgarden, Jonathan},
	year         = 1998,
	journal      = {The American Naturalist},
	publisher    = {The University of Chicago Press},
	volume       = 151,
	number       = 4,
	pages        = {311--326}
}
@article{cooper2011latitude,
	title        = {Latitude and coastline shape correlate with age-structure of Chlorostoma (Tegula) funebralis populations},
	author       = {Cooper, Erin E and Shanks, Alan L},
	year         = 2011,
	journal      = {Marine Ecology Progress Series},
	volume       = 424,
	pages        = {133--143}
}
@article{darling2008quantifying,
	title        = {Quantifying the evidence for ecological synergies},
	author       = {Darling, Emily S and C{\^o}t{\'e}, Isabelle M},
	year         = 2008,
	journal      = {Ecology letters},
	publisher    = {Wiley Online Library},
	volume       = 11,
	number       = 12,
	pages        = {1278--1286}
}
@article{deser2010sea,
	title        = {Sea surface temperature variability: Patterns and mechanisms},
	author       = {Deser, Clara and Alexander, Michael A and Xie, Shang-Ping and Phillips, Adam S},
	year         = 2010,
	journal      = {Annual review of marine science},
	publisher    = {Annual Reviews},
	volume       = 2,
	pages        = {115--143}
}
@article{dickson2007guide,
	title        = {Guide to best practices for ocean CO2 measurements},
	author       = {Dickson, Andrew Gilmore and Sabine, Christopher L and Christian, James Robert},
	year         = 2007,
	publisher    = {North Pacific Marine Science Organization}
}
@article{doney2009ocean,
	title        = {Ocean acidification: the other CO2 problem},
	author       = {Doney, Scott C and Fabry, Victoria J and Feely, Richard A and Kleypas, Joan A},
	year         = 2009,
	journal      = {Annual review of marine science},
	publisher    = {Annual Reviews},
	volume       = 1,
	pages        = {169--192}
}
@article{dong2017untangling,
	title        = {Untangling the roles of microclimate, behaviour and physiological polymorphism in governing vulnerability of intertidal snails to heat stress},
	author       = {Dong, Yun-wei and Li, Xiao-xu and Choi, Francis MP and Williams, Gray A and Somero, George N and Helmuth, Brian},
	year         = 2017,
	journal      = {Proceedings of the Royal Society B: Biological Sciences},
	publisher    = {The Royal Society},
	volume       = 284,
	number       = 1854,
	pages        = 20162367
}
@article{duarte2007marine,
	title        = {Marine ecology warms up to theory},
	author       = {Duarte, Carlos M},
	year         = 2007,
	journal      = {Trends in Ecology \& Evolution},
	publisher    = {Elsevier},
	volume       = 22,
	number       = 7,
	pages        = {331--333}
}
@article{edmunds2011effects,
	title        = {Effects of temperature on the respiration of brooded larvae from tropical reef corals},
	author       = {Edmunds, Peter J and Cumbo, Vivian and Fan, Tung-Yung},
	year         = 2011,
	journal      = {Journal of Experimental Biology},
	publisher    = {Company of Biologists},
	volume       = 214,
	number       = 16,
	pages        = {2783--2790}
}
@article{elahi2020historical,
	title        = {Historical comparisons of body size are sensitive to data availability and ecological context},
	author       = {Elahi, Robin and Miller, Luke P and Litvin, Steven Y},
	year         = 2020,
	journal      = {Ecology},
	publisher    = {Wiley Online Library},
	volume       = 101,
	number       = 9,
	pages        = {e03101}
}
@article{estes1974sea,
	title        = {Sea otters: their role in structuring nearshore communities},
	author       = {Estes, James A and Palmisano, John F},
	year         = 1974,
	journal      = {Science},
	publisher    = {American Association for the Advancement of Science},
	volume       = 185,
	number       = 4156,
	pages        = {1058--1060}
}
@article{feely2004impact,
	title        = {Impact of anthropogenic CO2 on the CaCO3 system in the oceans},
	author       = {Feely, Richard A and Sabine, Christopher L and Lee, Kitack and Berelson, Will and Kleypas, Joanie and Fabry, Victoria J and Millero, Frank J},
	year         = 2004,
	journal      = {Science},
	publisher    = {American Association for the Advancement of Science},
	volume       = 305,
	number       = 5682,
	pages        = {362--366}
}
@inproceedings{fox_kemper2021ocean,
	title        = {Ocean, cryosphere and sea level change},
	author       = {Fox-Kemper, Baylor},
	year         = 2021,
	booktitle    = {AGU Fall Meeting Abstracts},
	volume       = 2021,
	pages        = {U13B--09}
}
@article{frank1975latitudinal,
	title        = {Latitudinal variation in the life history features of the black turban snail Tegula funebralis (Prosobranchia: Trochidae)},
	author       = {Frank, PW},
	year         = 1975,
	journal      = {Marine Biology},
	publisher    = {Springer},
	volume       = 31,
	pages        = {181--192}
}
@article{garciareyes2012seasonality,
	title        = {Seasonality of coastal upwelling off central and northern California: New insights, including temporal and spatial variability},
	author       = {Garc{\'\i}a-Reyes, M and Largier, JL},
	year         = 2012,
	journal      = {Journal of Geophysical Research: Oceans},
	publisher    = {Wiley Online Library},
	volume       = 117,
	number       = {C3}
}
@article{gattuso1999photosynthesis,
	title        = {Photosynthesis and calcification at cellular, organismal and community levels in coral reefs: a review on interactions and control by carbonate chemistry},
	author       = {Gattuso, Jean-Pierre and Allemand, Denis and Frankignoulle, Michel},
	year         = 1999,
	journal      = {American zoologist},
	publisher    = {Oxford University Press UK},
	volume       = 39,
	number       = 1,
	pages        = {160--183}
}
@article{gaylord2015ocean,
	title        = {Ocean acidification through the lens of ecological theory},
	author       = {Gaylord, Brian and Kroeker, Kristy J and Sunday, Jennifer M and Anderson, Kathryn M and Barry, James P and Brown, Norah E and Connell, Sean D and Dupont, Sam and Fabricius, Katharina E and Hall-Spencer, Jason M and others},
	year         = 2015,
	journal      = {Ecology},
	publisher    = {Wiley Online Library},
	volume       = 96,
	number       = 1,
	pages        = {3--15}
}
@article{gazeau2007impact,
	title        = {Impact of elevated CO2 on shellfish calcification},
	author       = {Gazeau, Frederic and Quiblier, Christophe and Jansen, Jeroen M and Gattuso, Jean-Pierre and Middelburg, Jack J and Heip, Carlo HR},
	year         = 2007,
	journal      = {Geophysical research letters},
	publisher    = {Wiley Online Library},
	volume       = 34,
	number       = 7
}
@article{gillooly2001effects,
	title        = {Effects of size and temperature on metabolic rate},
	author       = {Gillooly, James F and Brown, James H and West, Geoffrey B and Savage, Van M and Charnov, Eric L},
	year         = 2001,
	journal      = {science},
	publisher    = {American Association for the Advancement of Science},
	volume       = 293,
	number       = 5538,
	pages        = {2248--2251}
}
@article{giomi2016importance,
	title        = {The importance of thermal history: costs and benefits of heat exposure in a tropical, rocky shore oyster},
	author       = {Giomi, Folco and Mandaglio, Concetta and Ganmanee, Monthon and Han, Guo-Dong and Dong, Yun-Wei and Williams, Gray A and Sarà, Gianluca},
	year         = 2016,
	journal      = {Journal of Experimental Biology},
	publisher    = {The Company of Biologists Ltd},
	volume       = 219,
	number       = 5,
	pages        = {686--694}
}
@article{gleason2013phenotypic,
	title        = {Phenotypic evidence for local adaptation to heat stress in the marine snail Chlorostoma (formerly Tegula) funebralis},
	author       = {Gleason, Lani U and Burton, Ronald S},
	year         = 2013,
	journal      = {Journal of experimental marine biology and ecology},
	publisher    = {Elsevier},
	volume       = 448,
	pages        = {360--366}
}
@article{gruber2011warming,
	title        = {Warming up, turning sour, losing breath: ocean biogeochemistry under global change},
	author       = {Gruber, Nicolas},
	year         = 2011,
	journal      = {Philosophical Transactions of the Royal Society A: Mathematical, Physical and Engineering Sciences},
	publisher    = {The Royal Society Publishing},
	volume       = 369,
	number       = 1943,
	pages        = {1980--1996}
}
@article{helmuth2002climate,
	title        = {Climate change and latitudinal patterns of intertidal thermal stress},
	author       = {Helmuth, Brian and Harley, Christopher DG and Halpin, Patricia M and O'Donnell, Michael and Hofmann, Gretchen E and Blanchette, Carol A},
	year         = 2002,
	journal      = {Science},
	publisher    = {American Association for the Advancement of Science},
	volume       = 298,
	number       = 5595,
	pages        = {1015--1017}
}
@article{helmuth2006mosaic,
	title        = {Mosaic patterns of thermal stress in the rocky intertidal zone: implications for climate change},
	author       = {Helmuth, Brian and Broitman, Bernardo R and Blanchette, Carol A and Gilman, Sarah and Halpin, Patricia and Harley, Christopher DG and O'Donnell, Michael J and Hofmann, Gretchen E and Menge, Bruce and Strickland, Denise},
	year         = 2006,
	journal      = {Ecological Monographs},
	publisher    = {Wiley Online Library},
	volume       = 76,
	number       = 4,
	pages        = {461--479}
}
@article{hobday2016hierarchical,
	title        = {A hierarchical approach to defining marine heatwaves},
	author       = {Hobday, Alistair J and Alexander, Lisa V and Perkins, Sarah E and Smale, Dan A and Straub, Sandra C and Oliver, Eric CJ and Benthuysen, Jessica A and Burrows, Michael T and Donat, Markus G and Feng, Ming and others},
	year         = 2016,
	journal      = {Progress in Oceanography},
	publisher    = {Elsevier},
	volume       = 141,
	pages        = {227--238}
}
@book{hochachka2002biochemical,
	title        = {Biochemical adaptation: mechanism and process in physiological evolution},
	author       = {Hochachka, Peter W and Somero, George N},
	year         = 2002,
	publisher    = {Oxford university press}
}
@article{hoegh_guldberg2007coral,
	title        = {Coral reefs under rapid climate change and ocean acidification},
	author       = {Hoegh-Guldberg, Ove and Mumby, Peter J and Hooten, Anthony J and Steneck, Robert S and Greenfield, Paul and Gomez, Edgardo and Harvell, C Drew and Sale, Peter F and Edwards, Alasdair J and Caldeira, Ken and others},
	year         = 2007,
	journal      = {science},
	publisher    = {American Association for the Advancement of Science},
	volume       = 318,
	number       = 5857,
	pages        = {1737--1742}
}
@article{hofmann2010effect,
	title        = {The effect of ocean acidification on calcifying organisms in marine ecosystems: an organism-to-ecosystem perspective},
	author       = {Hofmann, Gretchen E and Barry, James P and Edmunds, Peter J and Gates, Ruth D and Hutchins, David A and Klinger, Terrie and Sewell, Mary A},
	year         = 2010,
	journal      = {Annual review of ecology, evolution, and systematics},
	publisher    = {Annual Reviews},
	volume       = 41,
	pages        = {127--147}
}
@article{hofmann2010living,
	title        = {Living in the now: physiological mechanisms to tolerate a rapidly changing environment},
	author       = {Hofmann, Gretchen E and Todgham, Anne E},
	year         = 2010,
	journal      = {Annual review of physiology},
	publisher    = {Annual Reviews},
	volume       = 72,
	pages        = {127--145}
}
@article{hofmann2014exploring,
	title        = {Exploring local adaptation and the ocean acidification seascape--studies in the California Current Large Marine Ecosystem},
	author       = {Hofmann, GE and Evans, TG and Kelly, MW and Padilla-Gami{\~n}o, JL and Blanchette, CA and Washburn, L and Chan, Francis and McManus, MA and Menge, BA and Gaylord, B and others},
	year         = 2014,
	journal      = {Biogeosciences},
	publisher    = {Copernicus Publications G{\"o}ttingen, Germany},
	volume       = 11,
	number       = 4,
	pages        = {1053--1064}
}
@article{huey1979integrating,
	title        = {Integrating thermal physiology and ecology of ectotherms: a discussion of approaches},
	author       = {Huey, Raymond B and Stevenson, RD},
	year         = 1979,
	journal      = {American Zoologist},
	publisher    = {Oxford University Press UK},
	volume       = 19,
	number       = 1,
	pages        = {357--366}
}
@article{huey1989evolution,
	title        = {Evolution of thermal sensitivity of ectotherm performance},
	author       = {Huey, Raymond B and Kingsolver, Joel G},
	year         = 1989,
	journal      = {Trends in ecology \& evolution},
	publisher    = {Elsevier Current Trends},
	volume       = 4,
	number       = 5,
	pages        = {131--135}
}
@article{jellison2016ocean,
	title        = {Ocean acidification alters the response of intertidal snails to a key sea star predator},
	author       = {Jellison, Brittany M and Ninokawa, Aaron T and Hill, Tessa M and Sanford, Eric and Gaylord, Brian},
	year         = 2016,
	journal      = {Proceedings of the Royal Society B: Biological Sciences},
	publisher    = {The Royal Society},
	volume       = 283,
	number       = 1833,
	pages        = 20160890
}
@article{jellison2022low,
	title        = {Low-pH seawater alters indirect interactions in rocky-shore tidepools},
	author       = {Jellison, Brittany M and Elsmore, Kristen E and Miller, Jeffrey T and Ng, Gabriel and Ninokawa, Aaron T and Hill, Tessa M and Gaylord, Brian},
	year         = 2022,
	journal      = {Ecology and Evolution},
	publisher    = {Wiley Online Library},
	volume       = 12,
	number       = 2,
	pages        = {e8607}
}
@article{jones1994organisms,
	title        = {Organisms as ecosystem engineers},
	author       = {Jones, Clive G and Lawton, John H and Shachak, Moshe},
	year         = 1994,
	journal      = {Oikos},
	publisher    = {JSTOR},
	pages        = {373--386}
}
@article{kahle2013ggmap,
	title        = {ggmap: spatial visualization with ggplot2.},
	author       = {Kahle, David J and Wickham, Hadley},
	year         = 2013,
	journal      = {R J.},
	volume       = 5,
	number       = 1,
	pages        = 144
}
@article{keith2008predicting,
	title        = {Predicting extinction risks under climate change: coupling stochastic population models with dynamic bioclimatic habitat models},
	author       = {Keith, David A and Ak{\c{c}}akaya, H Resit and Thuiller, Wilfried and Midgley, Guy F and Pearson, Richard G and Phillips, Steven J and Regan, Helen M and Ara{\'u}jo, Miguel B and Rebelo, Tony G},
	year         = 2008,
	journal      = {Biology letters},
	publisher    = {The Royal Society London},
	volume       = 4,
	number       = 5,
	pages        = {560--563}
}
@article{kikstra2022ipcc,
	title        = {The IPCC Sixth Assessment Report WGIII climate assessment of mitigation pathways: from emissions to global temperatures},
	author       = {Kikstra, Jarmo S and Nicholls, Zebedee RJ and Smith, Christopher J and Lewis, Jared and Lamboll, Robin D and Byers, Edward and Sandstad, Marit and Meinshausen, Malte and Gidden, Matthew J and Rogelj, Joeri and others},
	year         = 2022,
	journal      = {Geoscientific Model Development},
	publisher    = {Copernicus GmbH},
	volume       = 15,
	number       = 24,
	pages        = {9075--9109}
}
@article{kordas2011community,
	title        = {Community ecology in a warming world: the influence of temperature on interspecific interactions in marine systems},
	author       = {Kordas, Rebecca L and Harley, Christopher DG and O'Connor, Mary I},
	year         = 2011,
	journal      = {Journal of Experimental Marine Biology and Ecology},
	publisher    = {Elsevier},
	volume       = 400,
	number       = {1-2},
	pages        = {218--226}
}
@article{kroeker2010meta,
	title        = {Meta-analysis reveals negative yet variable effects of ocean acidification on marine organisms},
	author       = {Kroeker, Kristy J and Kordas, Rebecca L and Crim, Ryan N and Singh, Gerald G},
	year         = 2010,
	journal      = {Ecology letters},
	publisher    = {Wiley Online Library},
	volume       = 13,
	number       = 11,
	pages        = {1419--1434}
}
@article{kroeker2013community,
	title        = {Community dynamics and ecosystem simplification in a high-CO2 ocean},
	author       = {Kroeker, Kristy J and Gambi, Maria Cristina and Micheli, Fiorenza},
	year         = 2013,
	journal      = {Proceedings of the National Academy of Sciences},
	publisher    = {National Acad Sciences},
	volume       = 110,
	number       = 31,
	pages        = {12721--12726}
}
@article{kroeker2013impacts,
	title        = {Impacts of ocean acidification on marine organisms: quantifying sensitivities and interaction with warming},
	author       = {Kroeker, Kristy J and Kordas, Rebecca L and Crim, Ryan and Hendriks, Iris E and Ramajo, Laura and Singh, Gerald S and Duarte, Carlos M and Gattuso, Jean-Pierre},
	year         = 2013,
	journal      = {Global change biology},
	publisher    = {Wiley Online Library},
	volume       = 19,
	number       = 6,
	pages        = {1884--1896}
}
@article{kroeker2014predicting,
	title        = {Predicting the effects of ocean acidification on predator-prey interactions: a conceptual framework based on coastal molluscs},
	author       = {Kroeker, Kristy J and Sanford, Eric and Jellison, Brittany M and Gaylord, Brian},
	year         = 2014,
	journal      = {The Biological Bulletin},
	publisher    = {Marine Biological Laboratory Woods Hole, Massachusetts},
	volume       = 226,
	number       = 3,
	pages        = {211--222}
}
@article{kroeker2016interacting,
	title        = {Interacting environmental mosaics drive geographic variation in mussel performance and predation vulnerability},
	author       = {Kroeker, Kristy J and Sanford, Eric and Rose, Jeremy M and Blanchette, Carol A and Chan, Francis and Chavez, Francisco P and Gaylord, Brian and Helmuth, Brian and Hill, Tessa M and Hofmann, Gretchen E and others},
	year         = 2016,
	journal      = {Ecology letters},
	publisher    = {Wiley Online Library},
	volume       = 19,
	number       = 7,
	pages        = {771--779}
}
@article{kroeker2017embracing,
	title        = {Embracing interactions in ocean acidification research: confronting multiple stressor scenarios and context dependence},
	author       = {Kroeker, Kristy J and Kordas, Rebecca L and Harley, Christopher DG},
	year         = 2017,
	journal      = {Biology Letters},
	publisher    = {The Royal Society},
	volume       = 13,
	number       = 3,
	pages        = 20160802
}
@article{kroeker2022ecological,
	title        = {Ecological leverage points: species interactions amplify the physiological effects of global environmental change in the ocean},
	author       = {Kroeker, Kristy J and Sanford, Eric},
	year         = 2022,
	journal      = {Annual Review of Marine Science},
	publisher    = {Annual Reviews},
	volume       = 14,
	pages        = {75--103}
}
@article{kwiatkowski2016nighttime,
	title        = {Nighttime dissolution in a temperate coastal ocean ecosystem increases under acidification},
	author       = {Kwiatkowski, Lester and Gaylord, Brian and Hill, Tessa and Hosfelt, Jessica and Kroeker, Kristy J and Nebuchina, Yana and Ninokawa, Aaron and Russell, Ann D and Rivest, Emily B and Sesbo{\"u}{\'e}, Marine and others},
	year         = 2016,
	journal      = {Scientific reports},
	publisher    = {Nature Publishing Group UK London},
	volume       = 6,
	number       = 1,
	pages        = 22984
}
@article{levin1974disturbance,
	title        = {Disturbance, patch formation, and community structure},
	author       = {Levin, Simon A and Paine, Robert T},
	year         = 1974,
	journal      = {Proceedings of the National Academy of Sciences},
	publisher    = {National Acad Sciences},
	volume       = 71,
	number       = 7,
	pages        = {2744--2747}
}
@article{levins1968evolution,
	title        = {Evolution in changing environments Princeton University Press},
	author       = {Levins, Richard},
	year         = 1968,
	journal      = {Princeton, New Jersey}
}
@article{lewontin1983organism,
	title        = {The organism as the subject and object of evolution},
	author       = {Lewontin, Richard C},
	year         = 1983,
	journal      = {Scientia},
	volume       = 77,
	number       = 18
}
@article{lubarsky2018effects,
	title        = {Effects of submarine groundwater discharge on coral accretion and bioerosion on two shallow reef flats},
	author       = {Lubarsky, Katie A and Silbiger, Nyssa J and Donahue, Megan J},
	year         = 2018,
	journal      = {Limnology and Oceanography},
	publisher    = {Wiley Online Library},
	volume       = 63,
	number       = 4,
	pages        = {1660--1676}
}
@article{lubchenco1983littornia,
	title        = {Littornia and Fucus: effects of herbivores, substratum heterogeneity, and plant escapes during succession},
	author       = {Lubchenco, Jane},
	year         = 1983,
	journal      = {Ecology},
	publisher    = {Wiley Online Library},
	volume       = 64,
	number       = 5,
	pages        = {1116--1123}
}
@article{mekkes2021pteropods,
	title        = {Pteropods make thinner shells in the upwelling region of the California Current Ecosystem},
	author       = {Mekkes, Lisette and Renema, Willem and Bednar{\v{s}}ek, Nina and Alin, Simone R and Feely, Richard A and Huisman, Jef and Roessingh, Peter and Peijnenburg, Katja TCA},
	year         = 2021,
	journal      = {Scientific Reports},
	publisher    = {Nature Publishing Group UK London},
	volume       = 11,
	number       = 1,
	pages        = 1731
}
@article{menge1987community,
	title        = {Community regulation: variation in disturbance, competition, and predation in relation to environmental stress and recruitment},
	author       = {Menge, Bruce A and Sutherland, John P},
	year         = 1987,
	journal      = {The American Naturalist},
	publisher    = {University of Chicago Press},
	volume       = 130,
	number       = 5,
	pages        = {730--757}
}
@article{menge2008response,
	title        = {Response of a rocky intertidal ecosystem engineer and community dominant to climate change},
	author       = {Menge, Bruce A and Chan, Francis and Lubchenco, Jane},
	year         = 2008,
	journal      = {Ecology Letters},
	publisher    = {Wiley Online Library},
	volume       = 11,
	number       = 2,
	pages        = {151--162}
}
@book{morris1980intertidal,
	title        = {Intertidal invertebrates of California},
	author       = {Morris, Robert H and Abbott, Donald Putnam and Haderlie, Eugene Clinton},
	year         = 1980,
	publisher    = {Stanford University Press Stanford},
	volume       = 200
}
@article{oconnor2007temperature,
	title        = {Temperature control of larval dispersal and the implications for marine ecology, evolution, and conservation},
	author       = {O'Connor, Mary I and Bruno, John F and Gaines, Steven D and Halpern, Benjamin S and Lester, Sarah E and Kinlan, Brian P and Weiss, Jack M},
	year         = 2007,
	journal      = {Proceedings of the National Academy of Sciences},
	publisher    = {National Acad Sciences},
	volume       = 104,
	number       = 4,
	pages        = {1266--1271}
}
@article{o_connor2009warming,
	title        = {Warming and resource availability shift food web structure and metabolism},
	author       = {O'Connor, Mary I and Piehler, Michael F and Leech, Dina M and Anton, Andrea and Bruno, John F},
	year         = 2009,
	journal      = {PLoS biology},
	publisher    = {Public Library of Science San Francisco, USA},
	volume       = 7,
	number       = 8,
	pages        = {e1000178}
}
@article{orr2005anthropogenic,
	title        = {Anthropogenic ocean acidification over the twenty-first century and its impact on calcifying organisms},
	author       = {Orr, James C and Fabry, Victoria J and Aumont, Olivier and Bopp, Laurent and Doney, Scott C and Feely, Richard A and Gnanadesikan, Anand and Gruber, Nicolas and Ishida, Akio and Joos, Fortunat and others},
	year         = 2005,
	journal      = {Nature},
	publisher    = {Nature Publishing Group UK London},
	volume       = 437,
	number       = 7059,
	pages        = {681--686}
}
@article{portner2008physiology,
	title        = {Physiology and climate change},
	author       = {P{\"o}rtner, Hans O and Farrell, Anthony P},
	year         = 2008,
	journal      = {Science},
	publisher    = {American Association for the Advancement of Science},
	volume       = 322,
	number       = 5902,
	pages        = {690--692}
}
@article{portner2010oxygen,
	title        = {Oxygen-and capacity-limitation of thermal tolerance: a matrix for integrating climate-related stressor effects in marine ecosystems},
	author       = {P{\"o}rtner, H-O},
	year         = 2010,
	journal      = {Journal of Experimental Biology},
	publisher    = {Company of Biologists},
	volume       = 213,
	number       = 6,
	pages        = {881--893}
}
@article{portner2012integrating,
	title        = {Integrating climate-related stressor effects on marine organisms: unifying principles linking molecule to ecosystem-level changes},
	author       = {P{\"o}rtner, Hans-O},
	year         = 2012,
	journal      = {Marine Ecology Progress Series},
	volume       = 470,
	pages        = {273--290}
}
@article{portner2017oxygen,
	title        = {Oxygen-and capacity-limited thermal tolerance: bridging ecology and physiology},
	author       = {P{\"o}rtner, Hans-O and Bock, Christian and Mark, Felix C},
	year         = 2017,
	journal      = {Journal of Experimental Biology},
	publisher    = {The Company of Biologists Ltd},
	volume       = 220,
	number       = 15,
	pages        = {2685--2696}
}
@article{padfield2021rtpc,
	title        = {rTPC and nls. multstart: a new pipeline to fit thermal performance curves in R},
	author       = {Padfield, Daniel and O'Sullivan, Hannah and Pawar, Samraat},
	year         = 2021,
	journal      = {Methods in Ecology and Evolution},
	publisher    = {Wiley Online Library},
	volume       = 12,
	number       = 6,
	pages        = {1138--1143}
}
@article{paine1969pisaster,
	title        = {The Pisaster-Tegula interaction: Prey patches, predator food preference, and intertidal community structure},
	author       = {Paine, Robert T},
	year         = 1969,
	journal      = {Ecology},
	publisher    = {Wiley Online Library},
	volume       = 50,
	number       = 6,
	pages        = {950--961}
}
@article{paine1980food,
	title        = {Food webs: linkage, interaction strength and community infrastructure},
	author       = {Paine, Robert T},
	year         = 1980,
	journal      = {Journal of animal ecology},
	publisher    = {JSTOR},
	volume       = 49,
	number       = 3,
	pages        = {667--685}
}
@article{paine1998compounded,
	title        = {Compounded perturbations yield ecological surprises},
	author       = {Paine, Robert T and Tegner, Mia J and Johnson, Edward A},
	year         = 1998,
	journal      = {Ecosystems},
	publisher    = {Springer},
	volume       = 1,
	pages        = {535--545}
}
@incollection{pickett1989space,
	title        = {Space-for-time substitution as an alternative to long-term studies},
	author       = {Pickett, Steward TA},
	year         = 1989,
	booktitle    = {Long-term studies in ecology: approaches and alternatives},
	publisher    = {Springer},
	pages        = {110--135}
}
@article{pinsky2013marine,
	title        = {Marine taxa track local climate velocities},
	author       = {Pinsky, Malin L and Worm, Boris and Fogarty, Michael J and Sarmiento, Jorge L and Levin, Simon A},
	year         = 2013,
	journal      = {Science},
	publisher    = {American Association for the Advancement of Science},
	volume       = 341,
	number       = 6151,
	pages        = {1239--1242}
}
@article{putnam2017vulnerability,
	title        = {The vulnerability and resilience of reef-building corals},
	author       = {Putnam, Hollie M and Barott, Katie L and Ainsworth, Tracy D and Gates, Ruth D},
	year         = 2017,
	journal      = {Current Biology},
	publisher    = {Elsevier},
	volume       = 27,
	number       = 11,
	pages        = {R528--R540}
}
@article{richardson2023earth,
	title        = {Earth beyond six of nine planetary boundaries},
	author       = {Richardson, Katherine and Steffen, Will and Lucht, Wolfgang and Bendtsen, J{\o}rgen and Cornell, Sarah E and Donges, Jonathan F and Dr{\"u}ke, Markus and Fetzer, Ingo and Bala, Govindasamy and von Bloh, Werner and others},
	year         = 2023,
	journal      = {Science advances},
	publisher    = {American Association for the Advancement of Science},
	volume       = 9,
	number       = 37,
	pages        = {eadh2458}
}
@book{ricketts1985pacific,
	title        = {Between pacific tides},
	author       = {Ricketts, Edward Flanders and Calvin, Jack and Hedgpeth, Joel Walker and Phillips, David W},
	year         = 1985,
	publisher    = {Stanford University Press}
}
@article{safaie2018high,
	title        = {High frequency temperature variability reduces the risk of coral bleaching},
	author       = {Safaie, Aryan and Silbiger, Nyssa J and McClanahan, Timothy R and Pawlak, Geno and Barshis, Daniel J and Hench, James L and Rogers, Justin S and Williams, Gareth J and Davis, Kristen A},
	year         = 2018,
	journal      = {Nature communications},
	publisher    = {Nature Publishing Group UK London},
	volume       = 9,
	number       = 1,
	pages        = 1671
}
@article{sanford2002feeding,
	title        = {The feeding, growth, and energetics of two rocky intertidal predators (Pisaster ochraceus and Nucella canaliculata) under water temperatures simulating episodic upwelling},
	author       = {Sanford, Eric},
	year         = 2002,
	journal      = {Journal of Experimental Marine Biology and Ecology},
	publisher    = {Elsevier},
	volume       = 273,
	number       = 2,
	pages        = {199--218}
}
@book{sato2001density,
	title        = {Density, size structure, and reproductive characteristics of intertidal Tegula gallina and T. funebralis (Trochidae) populations on southern California rocky shores},
	author       = {Sato, Laurie Midori},
	year         = 2001,
	publisher    = {California State University, Fullerton}
}
@article{schoolfield1981non,
	title        = {Non-linear regression of biological temperature-dependent rate models based on absolute reaction-rate theory},
	author       = {Schoolfield, Robert M and Sharpe, PJH and Magnuson, Charles E},
	year         = 1981,
	journal      = {Journal of theoretical biology},
	publisher    = {Elsevier},
	volume       = 88,
	number       = 4,
	pages        = {719--731}
}
@article{schulte2011thermal,
	title        = {Thermal performance curves, phenotypic plasticity, and the time scales of temperature exposure},
	author       = {Schulte, Patricia M and Healy, Timothy M and Fangue, Nann A},
	year         = 2011,
	journal      = {Integrative and comparative biology},
	publisher    = {Oxford University Press},
	volume       = 51,
	number       = 5,
	pages        = {691--702}
}
@article{sharpe1977reaction,
	title        = {Reaction kinetics of poikilotherm development},
	author       = {Sharpe, Peter JH and DeMichele, Don W},
	year         = 1977,
	journal      = {Journal of theoretical biology},
	publisher    = {Elsevier},
	volume       = 64,
	number       = 4,
	pages        = {649--670}
}
@article{silbiger2018biophysical,
	title        = {Biophysical feedbacks mediate carbonate chemistry in coastal ecosystems across spatiotemporal gradients},
	author       = {Silbiger, Nyssa J and Sorte, Cascade JB},
	year         = 2018,
	journal      = {Scientific Reports},
	publisher    = {Nature Publishing Group UK London},
	volume       = 8,
	number       = 1,
	pages        = 796
}
@article{silbiger2018nutrient,
	title        = {Nutrient pollution disrupts key ecosystem functions on coral reefs},
	author       = {Silbiger, Nyssa J and Nelson, Craig E and Remple, Kristina and Sevilla, Jessica K and Quinlan, Zachary A and Putnam, Hollie M and Fox, Michael D and Donahue, Megan J},
	year         = 2018,
	journal      = {Proceedings of the Royal Society B},
	publisher    = {The Royal Society},
	volume       = 285,
	number       = 1880,
	pages        = 20172718
}
@article{silbiger2019comparative,
	title        = {Comparative thermal performance of the reef-building coral Orbicella franksi at its latitudinal range limits},
	author       = {Silbiger, Nyssa J and Goodbody-Gringley, Gretchen and Bruno, John F and Putnam, Hollie M},
	year         = 2019,
	journal      = {Marine Biology},
	publisher    = {Springer},
	volume       = 166,
	pages        = {1--14}
}
@article{silva_romero2021local,
	title        = {Local conditions influence thermal sensitivity of pencil urchin populations (Eucidaris galapagensis) in the Gal{\'a}pagos Archipelago},
	author       = {Silva Romero, Isabel and Bruno, John F and Silbiger, Nyssa J and Brandt, Margarita},
	year         = 2021,
	journal      = {Marine Biology},
	publisher    = {Springer},
	volume       = 168,
	number       = 3,
	pages        = 34
}
@article{sinclair2016can,
	title        = {Can we predict ectotherm responses to climate change using thermal performance curves and body temperatures?},
	author       = {Sinclair, Brent J and Marshall, Katie E and Sewell, Mary A and Levesque, Danielle L and Willett, Christopher S and Slotsbo, Stine and Dong, Yunwei and Harley, Christopher DG and Marshall, David J and Helmuth, Brian S and others},
	year         = 2016,
	journal      = {Ecology letters},
	publisher    = {Wiley Online Library},
	volume       = 19,
	number       = 11,
	pages        = {1372--1385}
}
@article{somero2002thermal,
	title        = {Thermal physiology and vertical zonation of intertidal animals: optima, limits, and costs of living},
	author       = {Somero, George N},
	year         = 2002,
	journal      = {Integrative and comparative biology},
	publisher    = {Oxford University Press},
	volume       = 42,
	number       = 4,
	pages        = {780--789}
}
@article{somero2010physiology,
	title        = {The physiology of climate change: how potentials for acclimatization and genetic adaptation will determine ‘winners’ and ‘losers’},
	author       = {Somero, GN},
	year         = 2010,
	journal      = {Journal of Experimental Biology},
	publisher    = {Company of Biologists},
	volume       = 213,
	number       = 6,
	pages        = {912--920}
}
@article{sorte2010impacts,
	title        = {Impacts of a simulated heat wave on composition of a marine community},
	author       = {Sorte, Cascade JB and Fuller, Adam and Bracken, Matthew ES},
	year         = 2010,
	journal      = {Oikos},
	publisher    = {Wiley Online Library},
	volume       = 119,
	number       = 12,
	pages        = {1909--1918}
}
@article{sorte2019thermal,
	title        = {Thermal tolerance limits as indicators of current and future intertidal zonation patterns in a diverse mussel guild},
	author       = {Sorte, Cascade JB and Bernatchez, Genevi{\`e}ve and Mislan, KAS and Pandori, Lauren LM and Silbiger, Nyssa J and Wallingford, Piper D},
	year         = 2019,
	journal      = {Marine Biology},
	publisher    = {Springer},
	volume       = 166,
	pages        = {1--13}
}
@article{spalding2017energetic,
	title        = {Energetic costs of calcification under ocean acidification},
	author       = {Spalding, Christopher and Finnegan, Seth and Fischer, Woodward W},
	year         = 2017,
	journal      = {Global Biogeochemical Cycles},
	publisher    = {Wiley Online Library},
	volume       = 31,
	number       = 5,
	pages        = {866--877}
}
@article{steinberg1985feeding,
	title        = {Feeding preferences of Tegula funebralis and chemical defenses of marine brown algae},
	author       = {Steinberg, Peter D},
	year         = 1985,
	journal      = {Ecological Monographs},
	publisher    = {Wiley Online Library},
	volume       = 55,
	number       = 3,
	pages        = {333--349}
}
@article{stenseng2005evolutionary,
	title        = {Evolutionary and acclimation-induced variation in the thermal limits of heart function in congeneric marine snails (genus Tegula): implications for vertical zonation},
	author       = {Stenseng, Emily and Braby, Caren E and Somero, George N},
	year         = 2005,
	journal      = {The Biological Bulletin},
	publisher    = {Marine Biological Laboratory},
	volume       = 208,
	number       = 2,
	pages        = {138--144}
}
@article{stenseth2002ecological,
	title        = {Ecological effects of climate fluctuations},
	author       = {Stenseth, Nils C and Mysterud, Atle and Ottersen, Geir and Hurrell, James W and Chan, Kung-Sik and Lima, Mauricio},
	year         = 2002,
	journal      = {Science},
	publisher    = {American Association for the Advancement of Science},
	volume       = 297,
	number       = 5585,
	pages        = {1292--1296}
}
@article{tomanek2002heat,
	title        = {The heat-shock response: its variation, regulation and ecological importance in intertidal gastropods (genus Tegula)},
	author       = {Tomanek, Lars},
	year         = 2002,
	journal      = {Integrative and Comparative Biology},
	publisher    = {Oxford University Press},
	volume       = 42,
	number       = 4,
	pages        = {797--807}
}
@article{tomanek2002physiological,
	title        = {Physiological ecology of rocky intertidal organisms: a synergy of concepts},
	author       = {Tomanek, Lars and Helmuth, Brian},
	year         = 2002,
	journal      = {Integrative and Comparative Biology},
	publisher    = {Oxford University Press},
	volume       = 42,
	number       = 4,
	pages        = {771--775}
}
@article{tomanek2008importance,
	title        = {The importance of physiological limits in determining biogeographical range shifts due to global climate change: the heat-shock response},
	author       = {Tomanek, Lars},
	year         = 2008,
	journal      = {Physiological and Biochemical Zoology},
	publisher    = {The University of Chicago Press},
	volume       = 81,
	number       = 6,
	pages        = {709--717}
}
@article{woodwell1970effects,
	title        = {Effects of Pollution on the Structure and Physiology of Ecosystems: Changes in natural ecosystems caused by many different types of disturbances are similar and predictable.},
	author       = {Woodwell, George M},
	year         = 1970,
	journal      = {Science},
	publisher    = {American Association for the Advancement of Science},
	volume       = 168,
	number       = 3930,
	pages        = {429--433}
}
